@article{bojanowski2016enriching,
  title={Enriching Word Vectors with Subword Information},
  author={Bojanowski, Piotr and Grave, Edouard and Joulin, Armand and Mikolov, Tomas},
  journal={arXiv preprint arXiv:1607.04606},
  year={2016}
}
@article{WietingBGL16,
  author    = {John Wieting and
               Mohit Bansal and
               Kevin Gimpel and
               Karen Livescu},
  title     = {Charagram: Embedding Words and Sentences via Character n-grams},
  journal   = {CoRR},
  volume    = {abs/1607.02789},
  year      = {2016},
}
